@book{davis1985technology,
	title		= {A Technology Acceptance Model for Empirically Testing New End-user Information Systems: Theory and Results},
	author		= {Davis, F. D.},
	year		= {1985},
	publisher	= {Massachusetts Institute of Technology}
}

@article{Davis1989perceivedUsefulness,
	author 		= {Davis, F. D.},
	title 		= {Perceived Usefulness, Perceived Ease of Use, and User Acceptance of Information Technology},
	journal 	= {MIS Q.},
	issue_date 	= {September 1989},
	volume 		= {13},
	number 		= {3},
	month 		= sep,
	year 		= {1989},
	pages 		= {319--340},
	numpages 	= {22},
	publisher 	= {Society for Information Management and The Management Information Systems Research Center},
	address 	= {Minneapolis, MN, USA},
	keywords 	= {end user computing, user acceptance, user measurement},
} 



@book{bandow2010modell,
	author		= {Bandow, G. and Holzm{\"u}ller, H.},
	title		= {''Das ist gar kein Modell!'': Unterschiedliche Modelle und Modellierungen in Betriebswirtschaftslehre und Ingenieurwissenschaften},
	year		= {2010},
	publisher	= {Gabler Verlag}
}


@book{ajzen1980understanding,
	title 		= {Understanding attitudes and predicting social behavior},
	author 		= {Ajzen, I. and Fishbein, M.},
	year 		= {1980},
	publisher 	= {Prentice-Hall PTR},
	address 	= {New Yersey}
}


@online{arthurdlittle2015digitale,
	author 		= {Schaettgen, N. and Duvaud-Schelnast, J. and Levy, D. and Socol, S.},
	title 		= {Digitale Signaturen - Auf dem Weg zu einem digitalen Europa},
	year 		= 2015,
	note 		= {In: \url{http://www.adlittle.de/uploads/tx_extthoughtleadership/20150608_ADL_DigitalSignatures_german.pdf} [Stand: 18.12.2017]},
}

@book{paar2016kryptografie,
	author 		= {Paar, C. and Pelzl, J.},
	year 		= {2016},
	title 		= {Kryptografie verständlich - Ein Lehrbuch für Studierende und Anwender},
	publisher 	= {Springer-Verlag},
	address 	= {Berlin Heidelberg New York},
}


@book{gruhn2007elektronische,
	author 		= {Gruhn, V. and Wolff-Marting, V. and Köhler, A. and Haase, C. and Kresse, T.},
	year 		= {2007},
	title 		= {Elektronische Signaturen in modernen Geschäftsprozessen - Schlanke und effiziente Prozesse mit der eigenhändigen elektronischen Unterschrift realisieren},
	publisher 	= {Springer-Verlag},
	address 	= {Berlin Heidelberg New York},
}


@article{schmeh2017neue,
	author    	= {Schmeh, K.},
	title     	= {Neue Signatur-Gesetzgebung: Sind aller guten Dinge drei?},
	journal   	= {Datenschutz und Datensicherheit},
	volume    	= {41},
	number    	= {1},
	pages     	= {29--33},
	year      	= {2017}
}


@article{entschew2016neue,
	author    	= {Entschew, E. and Nguyen, K.},
	title     	= {Neue Anwendungsszenarien für die 2-Faktor Authentifizierung},
	journal   	= {Datenschutz und Datensicherheit},
	volume    	= {40},
	number    	= {4},
	pages     	= {231--234},
	year      	= {2016}
}


@misc{bindeskriminalamt2017polizeiliche,
	author 		= {{Bundeskriminalamt (Hg.)}},
 	title 		= {Polizeiliche Kriminalstatistik 2016 - Jahrbuch Band 1 - Fälle Aufklärung Schaden},
 	year 		= {2017},
 	urldate 	= {05.01.2018},
 	note 		= {In: \url{https://www.bka.de/SharedDocs/Downloads/DE/Publikationen/PolizeilicheKriminalstatistik/2016/pks2016ImkBericht.pdf?__blob=publicationFile&v=8} [Stand: 05.01.2018]},
}